<record xmlns:xsi="http://www.w3.org/2001/XMLSchema-instance" xmlns="http://www.loc.gov/MARC21/slim" xsi:schemaLocation="http://www.loc.gov/MARC21/slim http://www.loc.gov/standards/marcxml/schema/MARC21slim.xsd">

  <leader>00831nam a22001817a 4500</leader>
  <controlfield tag="008">160809b2009    cr a|||| |||| 00| 0 spa d</controlfield>
  <datafield ind1=" " tag="020" ind2=" ">
    <subfield code="a">9789977602080</subfield>
  </datafield>
  <datafield ind1=" " tag="090" ind2=" ">
    <subfield code="a">17.04.01</subfield>
    <subfield code="b">2365</subfield>
  </datafield>
  <datafield ind1="1" tag="110" ind2=" ">
    <subfield code="9">1935</subfield>
    <subfield code="a">Costa Rica. Ministerio de Educación Pública. Programa Educación Científica basada en la Indagación </subfield>
  </datafield>
  <datafield ind1="1" tag="245" ind2="3">
    <subfield code="a"> La indagación en la enseñanza de las ciencias: módulo 1</subfield>
  </datafield>
  <datafield ind2=" " tag="260" ind1=" ">
    <subfield code="a">[San José, Costa Rica] : </subfield>
    <subfield code="b">MEP, Programa Educación Científica basada en la Indagación, </subfield>
    <subfield code="c">2009</subfield>
  </datafield>
  <datafield ind1=" " tag="300" ind2=" ">
    <subfield code="a">16 páginas; ilustraciones a color</subfield>
  </datafield>
  <datafield ind2=" " tag="500" ind1=" ">
    <subfield code="a">A la cabeza de la portada: República de Costa Rica. Ministerio de Educación Pública. Programa Educación Científica basada en la Indagación</subfield>
  </datafield>
  <datafield ind2="4" tag="650" ind1="1">
    <subfield code="9">1934</subfield>
    <subfield code="a">CIENCIAS NATURALES</subfield>
  </datafield>
  <datafield ind2="4" tag="650" ind1="1">
    <subfield code="9">14</subfield>
    <subfield code="a">ENSEÑANZA</subfield>
  </datafield>
  <datafield ind1="1" tag="650" ind2="4">
    <subfield code="9">367</subfield>
    <subfield code="a">EDUCACIÓN PRIMARIA</subfield>
  </datafield>
  <datafield tag="942" ind1=" " ind2=" ">
    <subfield code="2">z</subfield>
    <subfield code="c">01</subfield>
  </datafield>
  <datafield ind2=" " tag="999" ind1=" ">
    <subfield code="c">3301</subfield>
    <subfield code="d">3301</subfield>
  </datafield>
</record>